<record><leader>00000cas a22000007a 4500</leader><controlfield tag="001">13753446</controlfield><controlfield tag="008">860620c19709999njuer ne      0   a0eng d</controlfield><datafield ind1=" " ind2=" " tag="010"><subfield code="a">sn 89006550 </subfield></datafield><datafield ind1=" " ind2=" " tag="040"><subfield code="a">NJU</subfield><subfield code="b">eng</subfield><subfield code="c">NJU</subfield><subfield code="d">NSD</subfield><subfield code="d">NJW</subfield><subfield code="d">MGN</subfield><subfield code="d">OCLCQ</subfield></datafield><datafield ind1=" " ind2=" " tag="012"><subfield code="m">1</subfield></datafield><datafield ind1="0" ind2=" " tag="022"><subfield code="a">1042-2986</subfield><subfield code="l">1042-2986</subfield><subfield code="2">1</subfield></datafield><datafield ind1=" " ind2=" " tag="032"><subfield code="a">662040</subfield><subfield code="b">USPS</subfield></datafield><datafield ind1=" " ind2=" " tag="037"><subfield code="b">Jewish Federation of Southern New Jersey, 2393 W. Marlton Pike, Cherry Hill, NJ 08002</subfield></datafield><datafield ind1=" " ind2=" " tag="042"><subfield code="a">nsdp</subfield><subfield code="a">msc</subfield></datafield><datafield ind1="1" ind2="0" tag="082"><subfield code="a">909</subfield><subfield code="2">11</subfield></datafield><datafield ind1="0" ind2=" " tag="210"><subfield code="a">Jew. community voice</subfield></datafield><datafield ind1=" " ind2="4" tag="222"><subfield code="a">The Jewish community voice</subfield></datafield><datafield ind1="0" ind2="4" tag="245"><subfield code="a">The Jewish community voice.</subfield></datafield><datafield ind1=" " ind2=" " tag="260"><subfield code="a">Cherry Hill, N.J. :</subfield><subfield code="b">Jewish Federation of Camden County</subfield></datafield><datafield ind1=" " ind2=" " tag="300"><subfield code="a">v. ;</subfield><subfield code="c">44 cm.</subfield></datafield><datafield ind1=" " ind2=" " tag="310"><subfield code="a">Biweekly,</subfield><subfield code="b">&lt;Feb. 23, 1979-&gt;</subfield></datafield><datafield ind1=" " ind2=" " tag="321"><subfield code="a">Semimonthly (except monthly July-Aug.),</subfield><subfield code="b">&lt;1973-1978&gt;</subfield></datafield><datafield ind1="1" ind2=" " tag="362"><subfield code="a">Began June 5, 1970.</subfield></datafield><datafield ind1=" " ind2=" " tag="500"><subfield code="a">Published by: Jewish Federation of Southern New Jersey, Dec. 6, 1974-</subfield></datafield><datafield ind1=" " ind2=" " tag="588"><subfield code="a">Description based on: Vol. 32, no. 23 (Oct. 5, 1973).</subfield></datafield><datafield ind1="2" ind2=" " tag="710"><subfield code="a">Jewish Federation of Southern New Jersey.</subfield></datafield><datafield ind1=" " ind2=" " tag="752"><subfield code="a">United States</subfield><subfield code="b">New Jersey</subfield><subfield code="c">Camden</subfield><subfield code="d">Cherry Hill.</subfield></datafield><datafield ind1=" " ind2=" " tag="752"><subfield code="a">United States</subfield><subfield code="b">New Jersey</subfield><subfield code="c">Burlington.</subfield></datafield><datafield ind1=" " ind2=" " tag="752"><subfield code="a">United States</subfield><subfield code="b">New Jersey</subfield><subfield code="c">Gloucester.</subfield></datafield><datafield ind1="0" ind2="0" tag="780"><subfield code="t">Voice of the Camden Jewish community</subfield></datafield><datafield ind1="1" ind2=" " tag="029"><subfield code="a">AU@</subfield><subfield code="b">000025812127</subfield></datafield></record>